<record><leader>00000cas a22000007a 4500</leader><controlfield tag="001">20298760</controlfield><controlfield tag="008">890905d191519uunduwr ne      0    0eng d</controlfield><datafield ind1=" " ind2=" " tag="010"><subfield code="a">sn 89074247 </subfield></datafield><datafield ind1=" " ind2=" " tag="040"><subfield code="a">NOP</subfield><subfield code="b">eng</subfield><subfield code="c">NOP</subfield><subfield code="d">OCLCQ</subfield></datafield><datafield ind1=" " ind2=" " tag="042"><subfield code="a">msc</subfield></datafield><datafield ind1="0" ind2="0" tag="245"><subfield code="a">Barnes County citizen.</subfield></datafield><datafield ind1=" " ind2=" " tag="260"><subfield code="a">Valley City, N.D. :</subfield><subfield code="b">E.P. Getchell</subfield></datafield><datafield ind1=" " ind2=" " tag="300"><subfield code="a">v. :</subfield><subfield code="b">ill. ;</subfield><subfield code="c">37-53 cm.</subfield></datafield><datafield ind1=" " ind2=" " tag="310"><subfield code="a">Weekly</subfield></datafield><datafield ind1="0" ind2=" " tag="362"><subfield code="a">Vol. 1, no. 1 (July 2, 1915)-</subfield></datafield><datafield ind1=" " ind2=" " tag="530"><subfield code="a">Available on microfilm from the State Historical Society of North Dakota.</subfield></datafield><datafield ind1=" " ind2=" " tag="580"><subfield code="a">Issued with: Pillsbury promoter.</subfield></datafield><datafield ind1=" " ind2=" " tag="752"><subfield code="a">United States</subfield><subfield code="b">North Dakota</subfield><subfield code="c">Barnes</subfield><subfield code="d">Valley City.</subfield></datafield><datafield ind1="1" ind2=" " tag="777"><subfield code="t">Pillsbury promoter</subfield><subfield code="w">(DLC)sn 89074248</subfield></datafield></record>